@ARTICLE{SystematicSurvey10225497,
  author={Liu, Wei and Hua, Min and Deng, Zhiyun and Meng, Zonglin and Huang, Yanjun and Hu, Chuan and Song, Shunhui and Gao, Letian and Liu, Changsheng and Shuai, Bin and Khajepour, Amir and Xiong, Lu and Xia, Xin},
  journal={IEEE Internet of Things Journal}, 
  title={A {systematic} survey of control techniques and applications in connected and automated vehicles}, 
  year={2023},
  volume={10},
  number={24},
  pages={21892-21916},
  keywords={Collaboration;Surveys;Sensors;Navigation;Trajectory tracking;Automation;Vehicle dynamics;Autonomous vehicles;Connected vehicles;State estimation;Autonomous vehicles (AVs);collaborative control;connected and automated vehicles (CAVs);state estimation;trajectory tracking control;vehicle sideslip angle},
  doi={10.1109/JIOT.2023.3307002}}

@ARTICLE{UAV10403831,
  author={Zhang, Jialong and Han, Kun and Zhang, Pu and Hou, Zhongxi and Ye, Lei},
  journal={Journal of Systems Engineering and Electronics}, 
  title={A survey on joint-operation application for unmanned swarm formations under a complex confrontation environment}, 
  year={2023},
  volume={34},
  number={6},
  pages={1432-1446},
  keywords={Technical requirements;Surveys;Weapons;Autonomous aerial vehicles;Systems engineering and theory;Kinetic energy;unmanned swarm;operation style;weapon formation system;mobile group target;joint operation},
  doi={10.23919/JSEE.2023.000162}}

@ARTICLE{Wang2020,
  author={Wang, Yunpeng and Lang, Ping and Tian, Daxin and Zhou, Jianshan and Duan, Xuting and Cao, Yue and Zhao, Dezong},
  journal={IEEE Internet of Things Journal},
  title={{A game-based computation offloading method} in {vehicular multiaccess edge computing networks}},
  year={2020},
  volume={7},
  number={6},
  pages={4987-4996},
  doi={10.1109/JIOT.2020.2972061}}

@ARTICLE{DeepReinforcement9146378,
  author={Haydari, Ammar and Yılmaz, Yasin},
  journal={IEEE Transactions on Intelligent Transportation Systems}, 
  title={Deep reinforcement learning for intelligent transportation systems: {a survey}}, 
  year={2022},
  volume={23},
  number={1},
  pages={11-32},
  keywords={Machine learning;Autonomous vehicles;Control systems;Markov processes;Deep reinforcement learning;intelligent transportation systems;traffic signal control;autonomous driving;multi-agent systems},
  doi={10.1109/TITS.2020.3008612}}

@ARTICLE{Autonomous9351818,
  author={Kiran, B Ravi and Sobh, Ibrahim and Talpaert, Victor and Mannion, Patrick and Sallab, Ahmad A. Al and Yogamani, Senthil and Pérez, Patrick},
  journal={IEEE Transactions on Intelligent Transportation Systems}, 
  title={Deep reinforcement learning for autonomous driving: a survey}, 
  year={2022},
  volume={23},
  number={6},
  pages={4909-4926},
  keywords={Reinforcement learning;Autonomous vehicles;Task analysis;Planning;Robot sensing systems;Pipelines;Decision making;Deep reinforcement learning;autonomous driving;imitation learning;inverse reinforcement learning;controller learning;trajectory optimisation;motion planning;safe reinforcement learning},
  doi={10.1109/TITS.2021.3054625}}

@ARTICLE{SecurityandPrivacy,
  author={Lai, Chengzhe and Lu, Rongxing and Zheng, Dong and Shen, Xuemin},
  journal={IEEE Network}, 
  title={Security and privacy challenges in {5g-enabled} vehicular networks}, 
  year={2020},
  volume={34},
  number={2},
  pages={37-45},
  keywords={Security;Privacy;3GPP;Vehicle-to-everything;Autonomous vehicles;5G mobile communication;Long Term Evolution},
  doi={10.1109/MNET.001.1900220}}

@article{刘雪娇186,
author = {刘雪娇, 曹天聪, 夏莹杰},
title = {区块链架构下高效的车联网跨域数据安全共享研究},
publisher = {通信学报},
year = {2023},
journal = {通信学报},
volume = {44},
number = {3},
eid = {186},
numpages = {11},
pages = {186-198},
keywords = {;车联网;跨域;数据共享;属性基加密;区块链},
%url = {https://www.infocomm-journal.com/txxb/CN/abstract/article_173287.shtml},
doi = {10.11959/j.issn.1000-436x.2023031}} 

@ARTICLE{6GforVehicle,
  author={Noor-A-Rahim, Md. and Liu, Zilong and Lee, Haeyoung and Khyam, Mohammad Omar and He, Jianhua and Pesch, Dirk and Moessner, Klaus and Saad, Walid and Poor, H. Vincent},
  journal={Proceedings of the IEEE}, 
  title={{6G} for {vehicle-to-everything} {(V2X)} communications: enabling technologies, challenges, and opportunities}, 
  year={2022},
  volume={110},
  number={6},
  pages={712-734},
  keywords={Vehicle-to-everything;6G mobile communication;NOMA;Wireless communication;Security;Vehicle-to-infrastructure;Vehicle safety;Blockchains;Vehicle-to-everything;Autonomous aerial vehicles;Visible light communication;Satellites;Federated learning;Autonomous vehicles;Haptic interfaces;Blockchain;brain-controlled vehicle (BCV);federated learning;intelligent reflective surfaces (IRSs);machine learning (ML);nonorthogonal multiple access (NOMA);quantum;radio frequency (RF)-visible light communication (VLC) vehicle-to-everything (V2X);sixth-generation (6G)-V2X;tactile-V2X;terahertz (THz) communications;unmanned-aerial-vehicle (UAV)/satelliteassisted V2X},
  doi={10.1109/JPROC.2022.3173031}}

@ARTICLE{SurveyofDeep8951131,
  author={Kuutti, Sampo and Bowden, Richard and Jin, Yaochu and Barber, Phil and Fallah, Saber},
  journal={IEEE Transactions on Intelligent Transportation Systems}, 
  title={A survey of deep learning applications to autonomous vehicle control}, 
  year={2021},
  volume={22},
  number={2},
  pages={712-733},
  keywords={Autonomous vehicles;Deep learning;Task analysis;Training;Neural networks;Sensors;Reinforcement learning;Machine learning;neural networks;intelligent control;computer vision;advanced driver assistance;autonomous vehicles},
  doi={10.1109/TITS.2019.2962338}}

@ARTICLE{Edge10213996,
  author={Katare, Dewant and Perino, Diego and Nurmi, Jari and Warnier, Martijn and Janssen, Marijn and Ding, Aaron Yi},
  journal={IEEE Communications Surveys \& Tutorials}, 
  title={A survey on approximate edge {ai} for energy efficient autonomous driving services}, 
  year={2023},
  volume={25},
  number={4},
  pages={2714-2754},
  keywords={Artificial intelligence;Sensors;Autonomous vehicles;Edge computing;Surveys;Simultaneous localization and mapping;Vehicles;Approximate computing;connected vehicles;deep learning;edge computing;energy efficiency;intelligent vehicles;machine learning},
  doi={10.1109/COMST.2023.3302474}}


@ARTICLE{EdgeComputing2019,
  author={Liu, Shaoshan and Liu, Liangkai and Tang, Jie and Yu, Bo and Wang, Yifan and Shi, Weisong},
  journal={Proceedings of the IEEE}, 
  title={Edge computing for autonomous driving: opportunities and challenges}, 
  year={2019},
  volume={107},
  number={8},
  pages={1697-1716},
  keywords={Autonomous vehicles;Edge computing;Sensors;Real-time systems;Vehicle-to-everything;Safety;Global navigation satellite system;Connected and autonomous vehicles (CAVs);edge computing;heterogeneous computing;security;vehicle-to-everything (V2X);vehicular operating system},
  doi={10.1109/JPROC.2019.2915983}}

@ARTICLE{Autonomous9756370,
  author={Wu, Mengyao and Yu, F. Richard and Liu, Peter Xiaoping},
  journal={IEEE Transactions on Vehicular Technology}, 
  title={Intelligence networking for autonomous driving in beyond {5g} networks with {multi-access} edge computing}, 
  year={2022},
  volume={71},
  number={6},
  pages={5853-5866},
  keywords={Roads;Autonomous vehicles;Computational modeling;Adaptation models;Training;Data models;Task analysis;Intelligence networking;Autonomous driving;Multi-access edge computing},
  doi={10.1109/TVT.2022.3165172}}    

@ARTICLE{Zhou2019,
  author={Zhou, Zhenyu and Feng, Junhao and Chang, Zheng and Shen, Xuemin},
  journal={IEEE Transactions on Vehicular Technology},
  title={{Energy-efficient edge computing service provisioning} for {vehicular networks: a consensus admm approach}},
  year={2019},
  volume={68},
  number={5},
  pages={5087-5099},
  doi={10.1109/TVT.2019.2905432}}

@ARTICLE{Dai2022,
  author={Dai, Penglin and Hu, Kaiwen and Wu, Xiao and Xing, Huanlai and Teng, Fei and Yu, Zhaofei},
  journal={IEEE Transactions on Intelligent Transportation Systems},
  title={{A probabilistic approach} for {cooperative computation offloading} in {MEC-assisted vehicular networks}},
  year={2022},
  volume={23},
  number={2},
  pages={899-911},
  doi={10.1109/TITS.2020.3017172}}

@ARTICLE{Tan2018,
  author={Tan, Le Thanh and Hu, Rose Qingyang},
  journal={IEEE Transactions on Vehicular Technology},
  title={{Mobility-aware edge caching} and {computing} in {vehicle networks: a deep reinforcement learning}},
  year={2018},
  volume={67},
  number={11},
  pages={10190-10203},
  doi={10.1109/TVT.2018.2867191}}

@ARTICLE{Wang2022,
  author={Wang, Junhua and Zhu, Kun and Chen, Bing and Han, Zhu},
  journal={IEEE Transactions on Vehicular Technology},
  title={{Distributed} {clustering-based} {cooperative vehicular edge computing} for {real-time offloading requests}},
  year={2022},
  volume={71},
  number={1},
  pages={653-669},
  doi={10.1109/TVT.2021.3122001}}

@ARTICLE{Li2023,
  author={Li, Zhen and Yang, Chao and Huang, Xumin and Zeng, WeiLiang and Xie, Shengli},
  journal={IEEE Transactions on Vehicular Technology}, 
  title={CoOR: collaborative task offloading and service caching replacement for vehicular edge computing networks}, 
  year={2023},
  volume={72},
  number={7},
  pages={9676-9681},
  keywords={Task analysis;Delays;Costs;Vehicle dynamics;Collaboration;Heuristic algorithms;Wireless networks;Service caching;vehicle edge computing;cache replacement;DRL},
  doi={10.1109/TVT.2023.3244966}}

@article{Nemirovski2007,
  author = { Nemirovski, Arkadi and  Shapiro, Alexander},
  title = {{Convex approximations} of {chance constrained programs}},
  journal = {SIAM Journal on Optimization},
  volume = {17},
  number = {4},
  pages = {969-996},
  year = {2007},
  doi = {10.1137/050622328}}

@article{bertsekas1999nonlinear,
  title={Nonlinear programming (athena scientific, nashua, nh)},
  author={Bertsekas, D},
  year={1999}}

@ARTICLE{Zhou2017,
  author={Zhou, Haibo and Xu, Wenchao and Bi, Yuanguo and Chen, Jiacheng and Yu, Quan and Shen, Xuemin Sherman},
  journal={IEEE Wireless Communications},
  title={{Toward} {5g} spectrum sharing for {immersive-experience-driven vehicular communications}},
  year={2017},
  volume={24},
  number={6},
  pages={30-37},
  doi={10.1109/MWC.2017.1600412}}

@ARTICLE{Tran2019,
  author={Tran, Tuyen X. and Pompili, Dario},
  journal={IEEE Transactions on Vehicular Technology},
  title={{Joint task offloading} and {resource allocation} for {multi-server mobile-edge computing networks}},
  year={2019},
  volume={68},
  number={1},
  pages={856-868},
  doi={10.1109/TVT.2018.2881191}}

@ARTICLE{Liang2021,
  author={Liu, Zhixin and Liang, Changjian and Yuan, Yazhou and Chan, Kit Yan and Guan, Xinping},
  journal={IEEE/CAA Journal of Automatica Sinica},
  title={{Resource allocation based} on {user pairing} and {subcarrier matching} for {downlink} {non-orthogonal} {multiple access networks}},
  year={2021},
  volume={8},
  number={3},
  pages={679-689},
  doi={10.1109/JAS.2021.1003886}}

@ARTICLE{Xiao2020,
  author={Xiao, Hailin and Zhu, Dan and Chronopoulos, Anthony Theodore},
  journal={IEEE Transactions on Intelligent Transportation Systems},
  title={{Power allocation with energy efficiency optimization} in {cellular} {D2D-based} {V2X communication network}},
  year={2020},
  volume={21},
  number={12},
  pages={4947-4957},
  doi={10.1109/TITS.2019.2945770}}

@ARTICLE{Chen2022,
  author={Chen, Yuanbin and Wang, Ying and Jiao, Lei},
  journal={IEEE Transactions on Wireless Communications},
  title={{Robust transmission} for {reconfigurable intelligent surface aided millimeter wave vehicular communications with statistical} {CSI}},
  year={2022},
  volume={21},
  number={2},
  pages={928-944},
  doi={10.1109/TWC.2021.3100492}}

@ARTICLE{CCO,
  author={Liu, Zhixin and Xie, Yuan’ai and Chan, Kit Yan and Ma, Kai and Guan, Xinping},
  journal={IEEE Transactions on Vehicular Technology},
  title={{Chance-constrained optimization} in {D2D-Based vehicular communication network}},
  year={2019},
  volume={68},
  number={5},
  pages={5045-5058},
  doi={10.1109/TVT.2019.2904291}}

@ARTICLE{Li2020,
  author={Li, Xiaoshuai and Ma, Lin and Xu, Yubin and Shankaran, Rajan},
  journal={IEEE Internet of Things Journal},
  title={{Resource allocation} for {D2D-Based} {V2X} {communication with imperfect} {CSI}},
  year={2020},
  volume={7},
  number={4},
  pages={3545-3558},
  doi={10.1109/JIOT.2020.2973267}}

@ARTICLE{Xie2020,
  author={Xie, Yuan-ai and Liu, Zhixin and Chan, Kit Yan and Guan, Xinping},
  journal={IEEE Transactions on Vehicular Technology},
  title={{Energy-spectral efficiency optimization} in {vehicular communications: joint clustering} and {pricing-based robust power control approach}},
  year={2020},
  volume={69},
  number={11},
  pages={13673-13685},
  doi={10.1109/TVT.2020.3021478}}

@ARTICLE{OUC,
  author={Wu, Huaqing and Lyu, Feng and Zhou, Conghao and Chen, Jiayin and Wang, Li and Shen, Xuemin},
  journal={IEEE Journal on Selected Areas in Communications},
  title={{Optimal} {UAV} {caching} and {trajectory} in {aerial-assisted vehicular networks: a learning-based approach}},
  year={2020},
  volume={38},
  number={12},
  pages={2783-2797},
  doi={10.1109/JSAC.2020.3005469}}

@ARTICLE{SDR,
  author={Lyu, Feng and Yang, Peng and Wu, Huaqing and Zhou, Conghao and Ren, Ju and Zhang, Yaoxue and Shen, Xuemin},
  journal={IEEE Transactions on Intelligent Transportation Systems},
  title={{Service-oriented dynamic resource slicing} and {optimization} for {space-air-ground} {integrated vehicular networks}},
  year={2022},
  volume={23},
  number={7},
  pages={7469-7483},
  doi={10.1109/TITS.2021.3070542}}

@ARTICLE{ACO,
  author={Wu, Qingqing and Xu, Jie and Zeng, Yong and Ng, Derrick Wing Kwan and Al-Dhahir, Naofal and Schober, Robert and Swindlehurst, A. Lee},
  journal={IEEE Journal on Selected Areas in Communications},
  title={{A comprehensive overview} on {5g}-and-{beyond networks with} {UAVs}: {from communications} to {sensing} and {intelligence}},
  year={2021},
  volume={39},
  number={10},
  pages={2912-2945},
  doi={10.1109/JSAC.2021.3088681}}

@ARTICLE{OSI,
  author={Kato, Nei and Fadlullah, Zubair Md. and Tang, Fengxiao and Mao, Bomin and Tani, Shigenori and Okamura, Atsushi and Liu, Jiajia},
  journal={IEEE Wireless Communications},
  title={{Optimizing {space-air-ground} integrated networks} by {artificial intelligence}},
  year={2019},
  volume={26},
  number={4},
  pages={140-147},
  doi={10.1109/MWC.2018.1800365}}

@ARTICLE{DSF,
  author={Liu, Miao and Yang, Jie and Gui, Guan},
  journal={IEEE Internet of Things Journal},
  title={{DSF-NOMA}: {UAV-Assisted} {emergency communication technology} in a {heterogeneous internet} of {things}},
  year={2019},
  volume={6},
  number={3},
  pages={5508-5519},
  doi={10.1109/JIOT.2019.2903165}}

@ARTICLE{无人机辅助230770,
  author={Yang, Gang and Dai, Rao and Liang, Ying-Chang},
  journal={IEEE Transactions on Wireless Communications}, 
  title={{Energy-efficient} {UAV} backscatter communication with joint trajectory design and resource optimization}, 
  year={2021},
  volume={20},
  number={2},
  pages={926-941},
  keywords={Unmanned aerial vehicles;Trajectory;Backscatter;Wireless communication;Iterative methods;Radio frequency;Optimization;Backscatter communication;UAV communication;energy efficiency;trajectory design;resource optimization;iterative algorithm},
  doi={10.1109/TWC.2020.3029225}}

@ARTICLE{TFL,
  author={Lim, Wei Yang Bryan and Huang, Jianqiang and Xiong, Zehui and Kang, Jiawen and Niyato, Dusit and Hua, Xian-Sheng and Leung, Cyril and Miao, Chunyan},
  journal={{IEEE Transactions} on {Intelligent Transportation Systems}},
  title={{Towards federated learning} in {UAV-Enabled Internet} of {vehicles}: {a multi-dimensional contract-matching approach}},
  year={2021},
  volume={22},
  number={8},
  pages={5140-5154},
  doi={10.1109/TITS.2021.3056341}}

@article{胡益恺智能车辆决策方法研究综述,
author = {胡益恺, 王春香, 杨明},
title = {智能车辆决策方法研究综述},
publisher = {上海交通大学学报},
year = {2021},
journal = {上海交通大学学报},
volume = {55},
number = {8},
eid = {1035},
numpages = {13},
pages = {1035},
keywords = {;智能车辆;决策方法;决策评估方法;数据集},
url = {https://xuebao.sjtu.edu.cn/CN/abstract/article_43420.shtml},
doi = {10.16183/j.cnki.jsjtu.2020.387}}    

@ARTICLE{RAI,
  author={Liu, Zhixin and Su, Jiawei and Xie, Yuan-ai and Ma, Kai and Yang, Yi and Guan, Xinping},
  journal={IEEE Transactions on Vehicular Technology},
  title={{Resource allocation} in {D2D enabled vehicular communications: a robust stackelberg game approach based} on {price-penalty mechanism}},
  year={2021},
  volume={70},
  number={8},
  pages={8186-8200},
  doi={10.1109/TVT.2021.3093900}}

@article{GT,
 ISSN = {00129682, 14680262},
 URL = {http://www.jstor.org/stable/1909543},
 journal = {Econometrica},
 number = {3/4},
 publisher = {[Wiley, Econometric Society]},
 title = {Back matter},
 urldate = {2024-01-11},
 volume = {36},
 year = {1968}}

@ARTICLE{Ren2015,
  author={Ren, Yi and Liu, Fuqiang and Liu, Zhi and Wang, Chao and Ji, Yusheng},
  journal={IEEE Transactions on Vehicular Technology},
  title={{Power control} in {D2D-Based vehicular communication networks}},
  year={2015},
  volume={64},
  number={12},
  pages={5547-5562},
  doi={10.1109/TVT.2015.2487365}}

@ARTICLE{ACAR,
  author={Zhou, Zhenyu and Guo, Yufei and He, Yanhua and Zhao, Xiongwen and Bazzi, Wael M.},
  journal={IEEE Transactions on Industrial Informatics}, 
  title={{Access control} and {resource allocation} for {M2M communications} in {industrial automation}}, 
  year={2019},
  volume={15},
  number={5},
  pages={3093-3103},
  doi={10.1109/TII.2019.2903100}}

@mastersthesis{基于车辆边缘计算的任务卸载策略研究,
 author = {王小进},
 title = {基于车辆边缘计算的任务卸载策略研究},
 school = {南京邮电大学},
 year = {2023}}

@ARTICLE{SurveyMEC2017,
  author={Mao, Yuyi and You, Changsheng and Zhang, Jun and Huang, Kaibin and Letaief, Khaled B.},
  journal={IEEE Communications Surveys \& Tutorials}, 
  title={A survey on mobile edge computing: the communication perspective}, 
  year={2017},
  volume={19},
  number={4},
  pages={2322-2358},
  keywords={Cloud computing;Edge computing;5G mobile communication;Mobile computing;Wireless communication;Mobile edge computing;fog computing;mobile cloud computing;computation offloading;resource management;green computing},
  doi={10.1109/COMST.2017.2745201}}

@ARTICLE{SurveyMEC2018,
  author={Abbas, Nasir and Zhang, Yan and Taherkordi, Amir and Skeie, Tor},
  journal={IEEE Internet of Things Journal}, 
  title={Mobile edge computing: a survey}, 
  year={2018},
  volume={5},
  number={1},
  pages={450-465},
  keywords={Mobile communication;Cloud computing;Edge computing;Mobile computing;Radio access networks;Servers;Internet of Things;Fog computing;Internet of Things (IoT);mobile cloud computing (MCC);mobile edge computing (MEC)},
  doi={10.1109/JIOT.2017.2750180}}

@ARTICLE{DistributedTask2024,
  author={Li, Ziqi and Zhang, Heli and Li, Xi and Ji, Hong and Leung, Victor C.M.},
  journal={IEEE Transactions on Vehicular Technology}, 
  title={Distributed task scheduling for {MEC-Assisted} virtual reality: a {fully-cooperative} {multi-agent} perspective}, 
  year={2024},
  volume={},
  number={},
  pages={1-15},
  keywords={Task analysis;Servers;Peer-to-peer computing;Rendering (computer graphics);Processor scheduling;Wireless communication;Optimization;6G;virtual reality;multi-access edge computing;distributed collaboration;multi-agent PPO},
  doi={10.1109/TVT.2024.3365476}}

@Article{Qian2023,
AUTHOR = {Liu, Qian and Gong, Junquan and Liu, Qilie},
TITLE = {{Blockchain-assisted reputation management scheme} for internet of vehicles},
JOURNAL = {Sensors},
VOLUME = {23},
YEAR = {2023},
NUMBER = {10},
ARTICLE-NUMBER = {4624},
%URL = {https://www.mdpi.com/1424-8220/23/10/4624},
PubMedID = {37430536},
ISSN = {1424-8220},
DOI = {10.3390/s23104624}}

@MASTERSTHESIS{曹宇慧车载边缘计算环境下任务协同卸载方法研究,
  author={曹宇慧},
  title={车载边缘计算环境下任务协同卸载方法研究},
  school={重庆交通大学},
  year={2023},
  type={硕士},
  address =      { },
  month={6},
%pages =        {45--48},
  language =     {Chinese}}

@ARTICLE{云计算隐私10418975,
  author={Zhang, Yin and Xiong, Ling and Li, Fagen and Hao, Yukai and Liu, Zhicai},
  journal={IEEE Internet of Things Journal}, 
  title={{Blockchain-based} {privacy-preserving} authentication with hierarchical access control using polynomial commitment for mobile cloud computing}, 
  year={2024},
  volume={},
  number={},
  pages={1-1},
  keywords={Authentication;Blockchains;Access control;Security;Privacy;Cloud computing;Internet of Things;Blockchain;privacy;authentication;access control},
  doi={10.1109/JIOT.2024.3361506}}

@ARTICLE{Kim2011,
  author={Kim, Taejoon and Love, David J. and Clerckx, Bruno},
  journal={IEEE Transactions on Signal Processing},
  title={{Does frequent low resolution feedback outperform infrequent high resolution feedback} for {multiple antenna beamforming systems?}},
  year={2011},
  volume={59},
  number={4},
  pages={1654-1669},
  doi={10.1109/TSP.2010.2099222}}

@article{Sakr2014,
author = {Sakr, Ahmed and Hossain, Ekram},
year = {2014},
month = {05},
pages = {1867-1880},
title = {Cognitive and {energy harvesting-based} {D2D communication} in cellular networks: stochastic geometry modeling and analysis},
volume = {63},
journal = {IEEE Transactions on Communications},
doi = {10.1109/TCOMM.2015.2411266}}

@ARTICLE{Guo2019,
  author={Guo, Chongtao and Liang, Le and Li, Geoffrey Ye},
  journal={IEEE Transactions on Vehicular Technology},
  title={Resource allocation for high-reliability low-latency vehicular communications with packet retransmission},
  year={2019},
  volume={68},
  number={7},
  pages={6219-6230},
  doi={10.1109/TVT.2019.2919181}}

@ARTICLE{Zhang2017,
  author={Zhang, Ke and Mao, Yuming and Leng, Supeng and He, Yejun and ZHANG, Yan},
  journal={IEEE Vehicular Technology Magazine},
  title={{Mobile-edge computing} for {vehicular networks: a promising network paradigm} with {predictive} {off-loading}},
  year={2017},
  volume={12},
  number={2},
  pages={36-44},
  doi={10.1109/MVT.2017.2668838}}

@ARTICLE{Saleem2021,
  author={Saleem, Umber and Liu, Yu and Jangsher, Sobia and Li, Yong and Jiang, Tao},
  journal={IEEE Transactions on Wireless Communications},
  title={{Mobility-aware joint task scheduling} and {resource allocation} for {cooperative mobile edge computing}},
  year={2021},
  volume={20},
  number={1},
  pages={360-374},
  doi={10.1109/TWC.2020.3024538}}

@ARTICLE{Xu2015,
  author={Chen, Xu and Jiao, Lei and Li, Wenzhong and Fu, Xiaoming},
  journal={IEEE/ACM Transactions on Networking},
  title={Efficient {multi-user} computation offloading for {mobile-edge} cloud computing},
  year={2016},
  volume={24},
  number={5},
  pages={2795-2808},
  doi={10.1109/TNET.2015.2487344}}

@ARTICLE{Effect2020,
  author={Khuwaja, Aziz Altaf and Chen, Yunfei and Zheng, Gan},
  journal={IEEE Wireless Communications Letters}, 
  title={Effect of user mobility and channel fading on the outage performance of {UAV} communications}, 
  year={2020},
  volume={9},
  number={3},
  pages={367-370},
  keywords={Fading channels;Probabilistic logic;Unmanned aerial vehicles;Numerical models;Analytical models;Signal to noise ratio;Wireless communication;Co-channel interference;Nakagami-m fading;outage probability;random waypoint model;UAV communications},
  doi={10.1109/LWC.2019.2955444}}


@ARTICLE{Performance2022,
  author={Zhao, Zhongyuan and Xu, Guanjun and Zhang, Ning and Zhang, Qinyu},
  journal={IEEE Transactions on Vehicular Technology}, 
  title={Performance analysis of the hybrid satellite-terrestrial relay network with opportunistic scheduling over generalized fading channels}, 
  year={2022},
  volume={71},
  number={3},
  pages={2914-2924},
  keywords={Relays;Protocols;Signal to noise ratio;System performance;Probability;Power system reliability;Fading channels;Hybrid satellite-terrestrial relay network;amplify-and-forward protocol;opportunistic scheduling;ergodic capacity;average symbol error rate},
  doi={10.1109/TVT.2021.3139885}}


@ARTICLE{WirelessRelay5937283,
  author={Zhan, Pengcheng and Yu, Kai and Swindlehurst, A. Lee},
  journal={IEEE Transactions on Aerospace and Electronic Systems}, 
  title={Wireless relay communications with unmanned aerial vehicles: performance and optimization}, 
  year={2011},
  volume={47},
  number={3},
  pages={2068-2085},
  keywords={Relays;Modulation;Signal to noise ratio;Correlation;Optimization;Wireless communication;Closed-form solution},
  doi={10.1109/TAES.2011.5937283}}

@article{无人机技术辅助的车联网,
 author = {方宇杰 and 李萌 and 司鹏搏 and 杨睿哲 and 孙恩昌 and 张延华},
 title = {无人机技术辅助的车联网:发展与展望},
 journal = {高技术通讯},
 volume = {32},
 number = 1262-1272,
 year = {2022},
 issn = {1002-0470},
 doi ={}}

@mastersthesis{王智煊2023无人机辅助下的车联边缘计算卸载机制研究,
author={王智煊},
title={无人机辅助下的车联边缘计算卸载机制研究},
school={电子科技大学},
year={2023},
type={硕士论文},
month={},}

@ARTICLE{Joint9453853,
  author={Do-Duy, Tan and Nguyen, Long D. and Duong, Trung Q. and Khosravirad, Saeed R. and Claussen, Holger},
  journal={IEEE Journal on Selected Areas in Communications}, 
  title={Joint optimisation of {real-time} deployment and resource allocation for {UAV-Aided} disaster emergency communications}, 
  year={2021},
  volume={39},
  number={11},
  pages={3411-3424},
  keywords={Resource management;Relays;Real-time systems;Quality of service;Optimization;Trajectory;Unmanned aerial vehicles;UAV cellular communication;K-means clustering;convex optimisation;embedded programming;disaster communication},
  doi={10.1109/JSAC.2021.3088662}}

@ARTICLE{无人机QoS9373692,
  author={Zhang, Rongqing and Lu, Rui and Cheng, Xiang and Wang, Ning and Yang, Liuqing},
  journal={IEEE Transactions on Communications}, 
  title={A {UAV-Enabled} data dissemination protocol with proactive caching and file sharing in {V2X} networks}, 
  year={2021},
  volume={69},
  number={6},
  pages={3930-3942},
  keywords={Data dissemination;Vehicle-to-everything;Protocols;Land vehicles;Wireless communication;Vehicular ad hoc networks;Throughput;UAV;data dissemination;V2X networks;proactive caching;file sharing},
  doi={10.1109/TCOMM.2021.3064569}}

@ARTICLE{twoway7091030,
  author={Liu, Fang and Chen, Zhiyong and Xia, Bin},
  journal={IEEE Transactions on Vehicular Technology}, 
  title={Data dissemination with network coding in {two-way} {vehicle-to-vehicle} networks}, 
  year={2016},
  volume={65},
  number={4},
  pages={2445-2456},
  keywords={Vehicles;Network coding;Roads;Broadcasting;Random variables;Encoding;Mathematical model;Vehicle-to-Vehicle;Data Dissemination;Network Coding;Two-Way Road;Vehicular Ad Hoc Networks;Data dissemination;network coding;two-way road;vehicle-to-vehicle (V2V);vehicular ad hoc networks (VANETs)},
  doi={10.1109/TVT.2015.2424915}}

@ARTICLE{twoway5753961,
  author={Zhang, Zijie and Mao, Guoqiang and Anderson, Brian D. O.},
  journal={IEEE Transactions on Vehicular Technology}, 
  title={On the Information Propagation Process in Mobile Vehicular Ad Hoc Networks}, 
  year={2011},
  volume={60},
  number={5},
  pages={2314-2325},}

@ARTICLE{twoway575396233,  
  author={Baccelli, Emmanuel and Jacquet, Philippe and Mans, Bernard and Rodolakis, Georgios},
  journal={IEEE Transactions on Information Theory}, 
  title={Highway vehicular delay tolerant networks: information propagation speed properties}, 
  year={2012},
  volume={58},
  number={3},
  pages={1743-1756},}

@ARTICLE{Stochastic6576809,
  author={Zhang, Zijie and Mao, Guoqiang and Anderson, Brian D. O.},
  journal={IEEE Transactions on Intelligent Transportation Systems}, 
  title={Stochastic characterization of information propagation process in vehicular ad hoc networks}, 
  year={2014},
  volume={15},
  number={1},
  pages={122-135},
  keywords={Vehicles;Vehicular ad hoc networks;Delays;Australia;Wireless communication;Roads;Information propagation speed (IPS);intelligent transport system;mobile ad hoc network;vehicular ad hoc network (VANET)},
  doi={10.1109/TITS.2013.2274274}}

@ARTICLE{Spatial4490168,
  author={Wu, Hao and Fujimoto, Richard M. and Riley, George F. and Hunter, Michael},
  journal={IEEE Transactions on Vehicular Technology}, 
  title={Spatial propagation of information in vehicular networks}, 
  year={2009},
  volume={58},
  number={1},
  pages={420-431},
  keywords={Vehicles;Telecommunication traffic;Traffic control;Mobile communication;Ad hoc networks;Intelligent transportation systems;Intelligent networks;Intelligent sensors;Buildings;Analytical models;Ad hoc network;intelligent transportation systems (ITSs);renewal reward process;vehicle to vehicle (v2v);Ad hoc network;ITS;renewal reward process;v2v},
  doi={10.1109/TVT.2008.923689}}

@article{COIFMAN1998271,
title = {A real-time computer vision system for vehicle tracking and traffic surveillance},
journal = {Transportation Research Part C: Emerging Technologies},
volume = {6},
number = {4},
pages = {271-288},
year = {1998},
issn = {0968-090X},
doi = {https://doi.org/10.1016/S0968-090X(98)00019-9},
%url = {https://www.sciencedirect.com/science/article/pii/S0968090X98000199},
author = {Benjamin Coifman and David Beymer and Philip McLauchlan and Jitendra Malik},
keywords = {Traffic surveillance, Wide-area detection, Vehicle tracking, Video image processing, Machine vision},
abstract = {Increasing congestion on freeways and problems associated with existing detectors have spawned an interest in new vehicle detection technologies such as video image processing. Existing commercial image processing systems work well in free-flowing traffic, but the systems have difficulties with congestion, shadows and lighting transitions. These problems stem from vehicles partially occluding one another and the fact that vehicles appear differently under various lighting conditions. We are developing a feature-based tracking system for detecting vehicles under these challenging conditions. Instead of tracking entire vehicles, vehicle features are tracked to make the system robust to partial occlusion. The system is fully functional under changing lighting conditions because the most salient features at the given moment are tracked. After the features exit the tracking region, they are grouped into discrete vehicles using a common motion constraint. The groups represent individual vehicle trajectories which can be used to measure traditional traffic parameters as well as new metrics suitable for improved automated surveillance. This paper describes the issues associated with feature based tracking, presents the real-time implementation of a prototype system, and the performance of the system on a large data set. ©}}

@ARTICLE{JointTrajectory9627548,
  author={Liang, Yipeng and Xiao, Lin and Yang, Dingcheng and Liu, Yuanwei and Zhang, Tiankui},
  journal={IEEE Transactions on Vehicular Technology}, 
  title={Joint trajectory and resource optimization for {UAV-Aided} {two-way} relay networks}, 
  year={2022},
  volume={71},
  number={1},
  pages={639-652},
  keywords={Protocols;Relay networks (telecommunication);Trajectory;Optimization;Resource management;Wireless communication;Quality of service;Resource optimization;two-way relay;time-slots pairing relay strategy;UAV mobile communication},
  doi={10.1109/TVT.2021.3130603}}


